2432 4077
370 216 418 254 S.
459 216 778 263 ALMQUIST,
818 216 984 254 ROSAE
1021 215 1087 252 IN
1123 216 1309 254 METH.
1350 217 1487 254 NAT.
1529 216 1836 254 REDACTAE.
2082 209 2111 253 5

112 346 374 407 possunt,
433 341 586 390 viam
634 346 849 391 certam
887 340 1289 406 investigatori
1328 338 1664 407 praebentes.
1741 339 1975 406 Ubique
2013 339 2115 391 has

112 422 397 474 Rosarum
435 424 786 474 variationes
824 423 1080 473 invenire
1117 421 1274 473 licet:

251 506 300 570 1)
343 503 551 556 Omnes
590 507 716 572 typi
755 504 1026 573 speciales
1064 506 1121 555 in
1163 521 1511 572 unaquaque
1551 522 1717 572 grege
1744 505 1929 557 colore
1955 505 2116 556 folio-

110 587 293 639 lorum
348 589 568 638 variare
623 594 868 654 possunt
903 588 1084 654 qlauci
1121 594 1225 638 aut
1261 589 1480 650 viride&
1521 589 1600 639 illi
1639 590 1843 654 pruina
1881 606 2113 640 ceracea

112 671 253 721 tecti
310 676 511 721 contra
565 672 1008 722 exsiccationem
1062 670 1407 722 defendente
1463 673 1756 739 magisque
1815 673 1939 739 apti
1978 671 2114 723 locis

109 754 318 820 apricis
374 752 465 804 vel
521 755 794 815 ventosiS,
853 753 909 805 hi
960 753 1159 805 melius
1198 753 1331 805 solis
1369 754 1615 806 calorem
1652 755 1976 806 radiantem
2016 755 2112 806 ab·

112 836 409 888 sorbentes
446 837 740 904 magisque
777 838 901 904 apti
939 836 1100 888 brevi
1139 838 1521 904 vegetationis
1550 840 1793 907 tempori
1819 840 2114 904 regionum

112 919 434 986 alpinarum
497 924 554 970 et
611 919 1162 986 septentrionalium.
1238 919 1360 971 Has
1416 921 1762 972 variationes
1819 922 2112 988 quondam

109 1002 312 1053 Besser
350 1001 589 1054 credidit
628 1003 701 1053 ad
745 1004 958 1070 species
996 1002 1326 1054 condendas
1364 1003 1714 1064 satisfacere,
1754 1005 1884 1056 Rau
1911 1004 2115 1056 saltem

110 1084 458 1151 subspecies;
499 1091 702 1152 postea
741 1086 1016 1138 oblivioni
1055 1092 1190 1137 sunt
1228 1086 1473 1147 traditae,
1514 1087 1697 1138 donec
1725 1087 2028 1149 MATSSON,
2053 1090 2112 1140 in

105 1173 318 1219 natura
356 1169 492 1219 viva
530 1168 814 1220 Rosarum
840 1170 1090 1220 rationes
1118 1185 1392 1236 quaerenS,
1421 1172 1858 1237 systematicum
1884 1171 2111 1223 illarum

106 1251 359 1302 valorem
414 1253 801 1305 resuscitavit.
875 1251 1013 1303 Mihi
1052 1252 1283 1318 quidem
1324 1255 1821 1320 persuasissimum
1862 1260 1965 1316 est,
2006 1255 2113 1306 dif-

106 1334 408 1386 ferentiam
429 1335 756 1401 specificam
776 1336 901 1387 illas
927 1336 1266 1403 significare.
1306 1336 1489 1388 Nemo
1516 1336 1866 1403 rhodologiae
1893 1339 2114 1405 peritus

103 1418 171 1469 R.
230 1418 474 1470 lucidam
531 1419 829 1486 conjungit
885 1436 1013 1470 cum
1053 1419 1118 1470 R.
1160 1421 1556 1482 cinnamomea,
1598 1427 1701 1472 aut
1741 1421 1810 1472 R.
1850 1421 2113 1474 humilem

107 1517 236 1552 cum
293 1501 358 1554 R.
415 1501 698 1563 aciculari,
756 1502 843 1553 his
881 1507 1113 1554 tantum
1150 1502 1494 1555 differentiis
1533 1510 1688 1555 certe
1729 1504 2106 1572 separandas;

105 1600 206 1635 cur
243 1600 358 1635 non
398 1584 546 1635 idem
586 1585 739 1636 valet
777 1585 835 1636 in
873 1586 1107 1637 ceteris?
1183 1586 1366 1638 Causa
1405 1588 1496 1649 sit,
1538 1587 1723 1639 solum
1760 1589 1818 1639 in
1845 1589 1981 1639 vivo
2008 1588 2112 1640 has

104 1666 467 1719 differentias
537 1669 747 1720 certius
803 1685 922 1720 esse
977 1668 1382 1732 observandaS,
1441 1677 1705 1723 auctores
1761 1677 1958 1723 autem
2016 1689 2113 1723 ex-

106 1751 350 1802 siccatas
427 1751 611 1802 Rosas
674 1753 978 1819 saepissime
1039 1753 1426 1805 determinare
1488 1756 1702 1806 conari.
1795 1755 2115 1822 Diligenter

107 1835 385 1900 quaerenti
441 1836 739 1902 continget
793 1836 1053 1901 experiri,
1095 1843 1293 1888 utrum
1339 1838 1635 1889 exsiccatae
1674 1854 1904 1905 quoque
1941 1838 2109 1890 Rosae

105 1916 531 1984 glaucescentes
587 1919 701 1970 sint
757 1936 831 1970 an
869 1919 1096 1981 virideS,
1138 1936 1488 1988 quamquam
1525 1922 1737 1989 pruina
1777 1922 2114 1973 intensitate

105 2001 296 2052 variat
332 2017 508 2068 reque
547 2019 681 2053 vera
720 2004 895 2054 etiam
936 2004 990 2054 in
1028 2003 1310 2055 viridibus
1350 2021 1465 2055 non
1502 2005 1673 2071 plane
1701 2005 1924 2068 deficit;
1955 2012 2111 2057 tran-

105 2085 280 2134 situm
317 2101 516 2135 verum
557 2101 874 2151 numquam
912 2086 1234 2138 observavi.

248 2168 299 2230 2)
359 2165 568 2219 Omnes
625 2171 752 2236 typi
809 2169 1078 2235 speciales
1135 2171 1192 2221 in
1249 2187 1601 2238 unaquaque
1646 2188 1806 2238 paene
1844 2189 2010 2239 grege
2050 2179 2110 2224 et

101 2249 391 2317 plerisque
445 2251 648 2303 saltem
703 2252 999 2320 speciebus
1037 2255 1268 2305 variant
1304 2254 1510 2306 foliolis
1546 2255 1749 2320 ylabris
1785 2262 1888 2307 aut
1926 2257 2104 2318 hirtis,

104 2333 191 2384 his
229 2338 631 2401 temperaturae
669 2336 1086 2388 variationibus
1124 2339 1340 2399 nocuis,
1380 2337 1553 2389 calori
1591 2355 1750 2405 aeque
1788 2355 1853 2390 ac
1891 2339 2104 2405 frigori,

102 2417 292 2468 minus
327 2419 621 2486 expositis.
679 2418 846 2470 Hanc
871 2425 1067 2471 notam
1095 2427 1358 2472 auctores
1386 2421 1557 2487 hujus
1583 2423 1688 2473 aevi
1714 2421 2107 2474 adhibuerunt

104 2499 176 2551 ad
234 2502 449 2567 species
486 2519 618 2553 suas
657 2501 986 2554 artificiales
1023 2503 1369 2557 condendas
1444 2505 1522 2557 At
1559 2505 1677 2570 jam
1715 2504 1943 2558 Caena
1982 2523 2108 2573 per-

103 2584 294 2650 spexit
331 2585 653 2636 vanitatem
691 2584 822 2636 talis
848 2585 1120 2648 methodi,
1151 2592 1208 2638 et
1234 2605 1295 2639 re
1322 2605 1460 2639 vera
1492 2590 1757 2640 ›>canina›>
1785 2595 1843 2640 et
1875 2589 2106 2640 »dume-

105 2671 345 2729 torum»,
398 2668 654 2736 »glaucaa
709 2674 768 2720 et
814 2670 1120 2722 coriifolia»
1163 2689 1265 2738 per
1302 2671 1629 2734 hirtelli—ff.,
1670 2678 1736 2723 ut
1773 2672 1921 2734 dico,
1963 2673 2106 2724 adeo

104 2756 239 2801 sunt
294 2768 583 2813 connexae,
642 2759 706 2803 ut
761 2751 970 2804 limites
1005 2771 1237 2821 prorsus
1274 2754 1484 2807 desint.
1560 2754 1896 2823 Subspecies
1934 2756 2106 2808 modo

105 2833 415 2886 collectivae
451 2835 557 2887 hac
597 2842 735 2887 nota-
775 2838 1048 2889 constitui
1086 2845 1346 2905 possunt.
1386 2839 1454 2904 ql.
1496 2838 1742 2890 adhibeo
1782 2846 1849 2891 ut
1880 2841 2106 2907 signum

101 2915 313 2981 glaucae
349 2917 574 2984 glabrae,
613 2918 706 2984 yls.
747 2918 958 2985 glaucae
995 2920 1157 2973 hirtae
1197 2921 1720 2988 (›>glauciformis›>)‚
1769 2923 1865 2974 cir.
1905 2923 2108 2974 viridis

99 2998 323 3065 glabrae,
364 3001 485 3067 virs.
527 3002 728 3053 viridis
767 3000 930 3055 hirtae
969 3005 1514 3069 (avirentiformis›>).

240 3087 295 3146 3)
351 3082 558 3136 Omnes
615 3086 740 3153 typi
798 3086 1068 3153 speciales
1122 3089 1182 3138 in
1235 3088 1526 3156 plerisque
1575 3089 1841 3158 gregibus
1881 3090 2105 3140 variare

99 3171 345 3232 possunt
381 3167 762 3234 Epiboladeni
799 3174 903 3221 aut
938 3169 1378 3238 Craspedadeni.
1418 3171 1586 3223 Hanc
1614 3178 1814 3224 notam
1843 3179 2105 3224 auctores

97 3248 488 3303 adhibuerunt
529 3252 633 3303 »ad
659 3251 936 3315 libitum»,
966 3260 1031 3305 ut
1057 3254 1263 3316 dicam,
1291 3255 1382 3306 hic
1408 3255 1482 3307 ad
1509 3257 1727 3323 species
1754 3255 2101 3316 condendaS,

95 3331 209 3383 illic
246 3332 310 3384 ff.
355 3334 955 3400 »infra-glandulosas»
997 3344 1100 3389 aut
1125 3337 1526 3405 eglandulosas
1552 3356 1655 3406 pro
1682 3338 2101 3390 variationibus

97 3431 170 3466 ne
224 3417 452 3468 nomine
508 3417 738 3484 quidem
791 3418 993 3487 dignas
1048 3421 1393 3474 habuerunt.
1470 3420 1834 3489 Quamquam
1892 3421 2101 3472 limites

97 3498 236 3549 certi
292 3515 456 3567 saepe,
512 3500 756 3552 fortasse
810 3518 1047 3570 semper,
1105 3503 1246 3555 nulli
1301 3510 1528 3557 exstare
1574 3505 1862 3565 videntur,
1902 3510 2098 3555 tamen

97 3581 251 3632 omni
307 3583 609 3634 traditioni
646 3583 1023 3652 rhodologicae
1059 3593 1408 3654 repugnaret
1447 3587 1513 3640 R.
1553 3588 1929 3653 rubiqinosam
1967 3603 2096 3638 cum

94 3662 164 3715 R.
223 3664 474 3730 quadam
533 3667 783 3732 »ylauccw
824 3674 929 3720 aut
967 3669 1033 3721 R.
1071 3678 1331 3736 aqrestem
1370 3687 1499 3723 cum
1543 3672 1807 3723 martina»
1847 3669 2096 3736 quadam
