2432 4077
367 197 594 241 MALME,
636 197 1161 234 ASGLEPIADAOEAE
1201 195 1727 233 RIOGRANDENSES.
1988 187 2047 233 13

183 325 464 375 Hemipoqon
504 331 695 364 setaceus
739 324 914 371 Dema,
943 325 993 364 in
1024 324 1271 375 Paraguay
1299 319 1449 375 (parte
1480 322 1672 372 boreali)
1699 329 1747 362 et
1777 317 1866 366 Sao
1900 324 2045 364 Pauio

40 393 301 430 occurrens,
333 382 412 420 vix
442 381 564 421 inter
593 380 810 432 Napaeas
840 387 911 419 est
940 378 1271 419 numerandus.

839 624 1147 692 Asclepias
1188 626 1250 676 L.

183 779 238 820 Α.
269 777 582 821 cur-assavica
612 781 662 821 L.
691 800 747 805 -—
775 780 1050 828 LmNAEus,
1081 781 1210 833 spec.
1242 781 1392 833 plant.
1423 777 1575 832 (1753),
1606 796 1650 834 p.
1682 783 1777 822 215.
1805 801 1852 808 --
1882 784 2045 824 Foue-

38 849 163 878 >mm
191 839 239 877 in
269 836 393 877 Flor.
425 838 581 878 brasii.
611 836 736 876 XCV
764 832 919 886 (1885),
948 850 991 888 p.
1027 837 1118 875 199.

181 944 683 1011 Hamburgerberg
719 961 803 1011 pr.
844 943 953 996 Sao
991 943 1283 1011 Leopoldo
1322 944 1568 1008 (MALME
1607 946 1822 1010 1:186),
1866 947 2045 1000 Santo

43 1027 261 1096 Angelo
299 1045 383 1095 pr.
422 1026 730 1079 Cachoeira
769 1027 1015 1090 (MALME
1055 1027 1269 1092 1:574.)

184 1111 389 1163 Planta
427 1109 901 1178 synanthropica,
940 1128 1043 1178 per
1081 1116 1289 1173 totam,
1331 1117 1397 1163 ut
1441 1112 1689 1174 videtur,
1718 1113 2039 1176 Brasiliam,

46 1195 347 1263 Paraguay
384 1200 442 1245 et
480 1194 782 1261 Guyanam
819 1194 1151 1246 distributa.
1205 1195 1293 1246 Ex
1318 1194 1598 1263 Uruguay
1625 1196 1762 1247 mihi
1788 1197 2044 1249 nondum

40 1278 354 1346 specimina
378 1277 710 1330 adfuerunt.
766 1277 812 1327 E
832 1277 1103 1329 Misiones
1122 1277 1422 1344 Argentin.
1445 1281 1770 1346 reportavit
1797 1280 2045 1332 ΕΚΜΑΝ.

183 1417 239 1458 Α.
285 1414 561 1458 mellodora
609 1420 689 1460 Sz'r
732 1419 842 1459 ΗΠ..
874 1439 925 1445 -
957 1420 1360 1470 SAIN'r-HILAmE,
1390 1420 1546 1461 Plant.
1576 1434 1806 1473 remarqu.
1841 1423 1966 1463 Bres.
1998 1428 2043 1463 et

41 1477 205 1527 Parag.
246 1470 401 1526 (1824),
445 1489 487 1527 p.
532 1475 628 1516 227.
661 1494 713 1501 —
744 1476 1006 1516 Foussnnm
1036 1476 1083 1514 in
1116 1476 1234 1516 Flor.
1265 1477 1419 1518 brasil.
1449 1477 1576 1516 XCV
1603 1475 1759 1527 (1885),
1791 1491 1832 1530 p.
1863 1479 1960 1519 201.
1992 1499 2046 1505 —

37 1533 236 1580 ΜΔΙΜΕ,
266 1532 447 1583 Asclep.
478 1532 626 1583 Regu.
655 1531 796 1571 Herb.
826 1529 981 1582 (1900),
1010 1545 1054 1584 p.
1085 1531 1153 1572 21.

181 1625 356 1677 Porto
410 1625 628 1692 Alegre,
685 1626 1054 1692 Navegantes
1112 1626 1358 1689 (MALME
1419 1627 1494 1678 II:
1520 1629 1663 1691 882).
1708 1659 1768 1664 —
1809 1628 1878 1680 In
1933 1629 2044 1681 Rio

43 1708 274 1761 Grande
310 1709 384 1760 do
421 1708 518 1761 Sul
556 1715 810 1761 ceterum
846 1711 964 1775 jam
991 1709 1342 1776 collegerunt
1368 1710 1616 1763 SELLow
1642 1718 1700 1763 et
1727 1711 2041 1764 ISABELLE.

179 1792 394 1845 Crescit
432 1794 489 1844 in
527 1794 742 1860 campis
780 1795 1083 1860 pascuisve
1121 1793 1501 1846 subhumidiS.

177 1875 320 1927 Late
358 1882 446 1927 est
484 1876 815 1937 distributa,
857 1877 929 1928 ab
968 1877 1248 1945 Uruguay
1287 1879 1367 1939 (et
1394 1878 1734 1946 Argentina)
1762 1896 1943 1946 usque
1969 1880 2044 1931 ad

38 1959 360 2026 Paraguay,
401 1959 589 2011 Matto
627 1959 854 2021 Gross0,
896 1960 1110 2028 Goyaz,
1151 1961 1336 2012 Minas
1373 1961 1584 2013 Geraes
1622 1967 1681 2013 et
1719 1962 1920 2015 Bahia.

182 2043 252 2094 A.
305 2042 686 2109 Lanqsdorjsz'i
728 2043 962 2095 FOURN.
1004 2046 1083 2109 [in
1123 2044 1274 2098 Flor.
1316 2045 1506 2096 brasil.
1548 2044 1703 2098 XCV
1741 2047 1943 2110 (1885),
1982 2065 2040 2115 p.

40 2127 182 2190 203]‚
245 2126 377 2177 huic
432 2126 643 2188 affinis,
703 2127 755 2177 in
815 2128 1041 2179 Parana
1096 2129 1270 2192 (inter
1320 2128 1601 2196 Ourityba
1663 2135 1722 2181 et
1775 2130 2039 2183 Piuhaes,

38 2207 251 2261 Dusfim
313 2226 366 2260 n.
431 2212 608 2274 8906),
672 2209 781 2262 Sao
842 2211 1040 2272 Paulo,
1098 2212 1282 2264 Minas
1345 2212 1554 2264 Geraes
1616 2218 1674 2264 et
1735 2213 2041 2282 Paraguay

38 2292 305 2358 [Mamm
346 2292 569 2361 Asclep.
612 2311 807 2361 parag.
847 2296 1052 2359 (1901),
1093 2312 1150 2362 p.
1194 2297 1280 2360 12]
1319 2295 1559 2347 collecta
1597 2303 1703 2348 est.

174 2445 231 2487 A.
264 2445 557 2498 campestris
587 2452 740 2490 DcNE.
770 2471 828 2476 —-
856 2452 1109 2492 Discussa*
1140 2451 1188 2492 in
1218 2453 1311 2492 DC.
1343 2453 1504 2492 Prodr.
1536 2453 1654 2492 VIII
1684 2449 1842 2501 (1844),
1873 2467 1916 2506 p.
1939 2454 2033 2492 566.

33 2526 91 2530 —
120 2505 382 2545 FOURNIER
408 2506 457 2544 in
488 2506 607 2547 Flor.
638 2506 795 2546 brasil.
827 2507 952 2547 XCV
980 2503 1136 2558 (1885),
1165 2522 1208 2561 p.
1240 2509 1338 2548 202.
1371 2529 1422 2534 —
1451 2509 1651 2558 MALME,
1683 2509 1858 2562 Asclep.
1894 2510 2038 2562 Regu.

41 2561 184 2600 Herb.
212 2558 367 2611 (1900),
397 2575 439 2612 p.
470 2561 536 2602 21.

175 2654 386 2716 Quinta
443 2672 528 2721 pr.
588 2656 780 2724 oppid.
821 2656 930 2708 Rio
969 2657 1199 2710 Grande
1239 2658 1503 2721 (MALME,
1543 2659 1787 2722 11:276),
1829 2659 2040 2711 Pedras

40 2737 293 2789 Brancas
330 2755 414 2805 pr.
456 2739 630 2790 Porto
666 2739 867 2807 Alegre
906 2741 1155 2805 (MALME
1183 2741 1228 2794 I:
1252 2760 1296 2793 s,
1325 2740 1426 2803 n.),
1455 2742 1763 2794 Cachoeira
1791 2743 2037 2807 (MALME

37 2821 80 2872 I:
130 2826 247 2882 658,
305 2820 381 2872 II:
441 2826 583 2885 944).
624 2852 688 2859 —
728 2823 795 2874 In
848 2824 957 2875 Rio
1012 2824 1243 2877 Grande
1281 2826 1355 2877 do
1395 2825 1494 2878 Sul
1531 2828 1647 2893 jam
1687 2826 2040 2893 collegerunt

37 2904 284 2956 SELLow
322 2911 380 2955 et
417 2903 910 2960 SAINT-HILAIRE.

175 2973 388 3025 Crescit
426 2976 483 3026 in
522 2977 737 3043 campis
775 2984 833 3028 et
871 2979 1123 3028 arenosis
1161 2983 1220 3029 et
1252 2978 1380 3045 plus
1407 2979 1673 3030 minusve
1700 2979 2037 3046 argillaceis3

34 3057 207 3108 floret
244 3074 420 3109 mens,
461 3057 832 3111 Oct—Febr.

171 3140 315 3191 Lat-e
352 3140 680 3202 distributa,
721 3141 795 3193 ab
833 3143 1149 3210 Argentina
1176 3144 1429 3209 (Buenos
1460 3145 1643 3210 Aires)
1672 3152 1730 3197 et
1755 3143 2035 3214 Uruguay

34 3223 108 3274 ad
147 3223 447 3292 Paraguay
484 3230 543 3275 et
579 3225 765 3277 Minas
803 3226 1035 3279 Geraes,

171 3305 395 3374 Species
434 3307 603 3359 valde
641 3308 1037 3377 polymorpha,
1077 3310 1316 3363 ulterius
1355 3313 1762 3365 examinanda.

172 3420 228 3460 A.
257 3420 465 3460 Selloana
500 3421 689 3462 Fomm.
735 3423 817 3461 vix
862 3423 921 3463 ab
961 3423 1047 3463 hac
1077 3425 1230 3476 specie
1261 3426 1522 3476 separanda
1550 3431 1636 3467 est.
1668 3446 1720 3451 -
1752 3427 1807 3465 A.
1839 3427 2032 3467 candida

37 3475 180 3515 me.
229 3489 354 3516 mere
395 3476 538 3516 Oreas
585 3489 684 3517 esse
728 3476 929 3518 videtur.
987 3480 1255 3532 Specimina
1297 3481 1576 3522 Sellowiana
1605 3478 1666 3532 (n.
1697 3480 1837 3532 3629),
1867 3482 1914 3523 in
1942 3483 2034 3523 Rio

30 3530 218 3570 Grande
247 3531 307 3571 do
338 3532 417 3571 Sul
446 3533 657 3581 collecta,
686 3545 713 3572 a
744 3534 1007 3574 FOURNOER
1036 3535 1126 3576 huc
1157 3535 1319 3586 relata,
1349 3551 1453 3578 mea
1482 3539 1718 3578 sententia
1748 3539 1808 3578 ad
1839 3539 1895 3579 A.
1917 3551 2032 3579 cam-

32 3592 220 3636 pestrem
247 3588 498 3639 pertinent.
